@book{RobertsonAndRobertson2012,
	Author = {James Robertson and Suzanne Robertson},
	Date-Added = {2016-09-22 13:54:40 +0000},
	Date-Modified = {2016-09-22 14:01:42 +0000},
	Edition = {16},
	Publisher = {Atlantic Systems Guild Limited},
	Title = {Volere Requirements Specification Template},
	Year = {2012}}